@book{
	goodman,
	author="Гудман С., Хидетниеми С.",
	title="Введение в разработку и анализ алгоритмов",
	publisher="Мир",
	year=1981,
	pages=368
}

@book{
	ulyanov,
	author="Ульянов М.В.",
	title="Ресурсно-эффективные компьютерные алгоритмы. Разработка и анализ",
	publisher="ФИЗМАТЛИТ",
	year=2007,
	pages=308
}